% Encoding: UTF-8

@Book{Spong2005,
  title     = {Robot Modeling and Control},
  publisher = {WILEY},
  year      = {2005},
  author    = {Spong, Mark W. and Hutchinson, Seth and Vidyasagar, M.},
  isbn      = {0471649902},
  date      = {2005-11-01},
  ean       = {9780471649908},
  pagetotal = {478},
  url       = {https://www.ebook.de/de/product/5124811/mark_w_spong_seth_hutchinson_m_vidyasagar_robot_modeling_and_control.html},
}

@Book{Shivanand2006,
  title     = {Flexible Manufacturing System},
  publisher = {New Age International Publisher},
  year      = {2006},
  author    = {H.K. Shivanand},
  isbn      = {8122418708},
  url       = {https://www.amazon.com/Flexible-Manufacturing-System-H-K-Shivanand/dp/8122418708?SubscriptionId=AKIAIOBINVZYXZQZ2U3A&tag=chimbori05-20&linkCode=xm2&camp=2025&creative=165953&creativeASIN=8122418708},
}

@Book{Dombre2007,
  title     = {Robot Manipulators: Modeling, Performance Analysis and Control (Control Systems, Robotics, and Manufacturing series)},
  publisher = {Wiley-ISTE},
  year      = {2007},
  author    = {Etienne Dombre, Wisama Khalil},
  isbn      = {978-1-905209-10-1},
  url       = {https://www.amazon.com/Robot-Manipulators-Modeling-Performance-Manufacturing/dp/190520910X?SubscriptionId=AKIAIOBINVZYXZQZ2U3A&tag=chimbori05-20&linkCode=xm2&camp=2025&creative=165953&creativeASIN=190520910X},
}

@Book{University2017,
  title     = {Modern Robotics},
  publisher = {Cambridge University Press},
  year      = {2017},
  author    = {University, Kevin M. (Northwestern and Lynch, Illinois) and Park, Frank C. (Seoul National University)},
  isbn      = {1107156300},
  date      = {2017-05-25},
  ean       = {9781107156302},
  pagetotal = {544},
  url       = {https://www.ebook.de/de/product/29172931/kevin_m_northwestern_university_illinois_lynch_frank_c_seoul_national_university_park_modern_robotics.html},
}

@Book{Corke2017,
  title     = {Robotics, Vision and Control},
  publisher = {Springer International Publishing},
  year      = {2017},
  author    = {Corke, Peter},
  date      = {2017-05-20},
  ean       = {9783319544137},
  url       = {https://www.ebook.de/de/product/33463342/peter_corke_robotics_vision_and_control.html},
}

@Article{Corke2007,
  author    = {P.I. Corke},
  title     = {A Simple and Systematic Approach to Assigning Denavit{\textendash}Hartenberg Parameters},
  journal   = {{IEEE} Transactions on Robotics},
  year      = {2007},
  volume    = {23},
  number    = {3},
  pages     = {590--594},
  month     = {jun},
  doi       = {10.1109/tro.2007.896765},
  publisher = {Institute of Electrical and Electronics Engineers ({IEEE})},
}

@Article{Zaatari2019,
  author    = {Shirine El Zaatari and Mohamed Marei and Weidong Li and Zahid Usman},
  title     = {Cobot programming for collaborative industrial tasks: An overview},
  journal   = {Robotics and Autonomous Systems},
  year      = {2019},
  volume    = {116},
  pages     = {162--180},
  month     = {jun},
  doi       = {10.1016/j.robot.2019.03.003},
  publisher = {Elsevier {BV}},
}

@Book{summary2019,
  title     = {Executive Summary World Robotics 2019 Industrial Robots},
  publisher = {International Federation of Robobotics},
  year      = {2019},
  author    = {International Federation of Robobotics},
}

@Book{Schilling2001,
  title     = {Fundamentals of Robotics : Analysis and Control},
  publisher = {Prentice Hall of India},
  year      = {2001},
  author    = {Robert J Schilling},
  isbn      = {8120310470},
  url       = {https://www.amazon.com/Fundamentals-Robotics-Analysis-Robert-Schilling/dp/8120310470?SubscriptionId=AKIAIOBINVZYXZQZ2U3A&tag=chimbori05-20&linkCode=xm2&camp=2025&creative=165953&creativeASIN=8120310470},
}

@Book{E.Appleton2011,
  title     = {Industrial Robot Applications},
  publisher = {Springer Netherlands},
  year      = {2011},
  author    = {E. Appleton, D. J. Williams},
  isbn      = {9401079056},
  date      = {2011-11-09},
  ean       = {9789401079051},
  pagetotal = {244},
  url       = {https://www.ebook.de/de/product/21351254/e_appleton_d_j_williams_industrial_robot_applications.html},
}

@Article{cobot2018,
  author  = {International Federation of Robots},
  title   = {Demistifying collaborative robots},
  journal = {IFR},
  year    = {2018},
}

@Article{cobotreview,
  author  = {Michael A. Peshkin},
  title   = {Cobot Architecture},
  journal = {IEEE TRANSACTIONS ON ROBOTICS AND AUTOMATION},
  year    = {2001},
}

@Comment{jabref-meta: databaseType:bibtex;}
